% Encoding: UTF-8

@String { aaai        = {AAAI Conference on Artificial Intelligence (AAAI)} }
@String { aamas       = {International Conference on Autonomous Agents and Multiagent Systems (AAMAS)} }
@String { acc         = {American Control Conference (ACC)} }
@String { aiaa_info   = {AIAA Infotech@Aerospace Conference} }
@String { aiaa_jacic  = {Journal of Aerospace Computing, Information, and Communication} }
@String { allerton    = {Allerton Conference on Communication, Control, and Compution} }
@String { atio        = {AIAA Aviation Technology, Integration, and Operations Conference (ATIO)} }
@String { cacm        = {Communications of the ACM} }
@String { cdc         = {IEEE Conference on Decision and Control (CDC)} }
@String { cvpr        = {IEEE Computer Society Conference on Computer Vision and Pattern Recognition (CVPR)} }
@String { dasc        = {Digital Avionics Systems Conference (DASC)} }
@String { ecml        = {European Conference on Machine Learning (ECML)} }
@String { gnc         = {AIAA Guidance, Navigation, and Control Conference (GNC)} }
@String { icaart      = {International Conference on Agents and Artificial Intelligence (ICAART)} }
@String { icassp      = {International Conference on Acoustics, Speech, and Signal Processing (ICASSP)} }
@String { icml        = {International Conference on Machine Learning (ICML)} }
@String { icmla       = {International Conference on Machine Learning and Applications (ICMLA)} }
@String { icra        = {IEEE International Conference on Robotics and Automation (ICRA)} }
@String { icslp       = {International Conference on Spoken Language Processing (ICSLP)} }
@String { ieee_csm    = {IEEE Control Systems Magazine} }
@String { ieee_j_ac   = {IEEE Transactions on Automatic Control} }
@String { ieeeaero    = {IEEE Aerospace Conference} }
@String { ieeeciaig   = {IEEE Transactions on Computational Intelligence and AI in Games} }
@String { ieeecst     = {IEEE Transactions on Control Systems Technology} }
@String { ieeetac     = {IEEE Transactions on Automatic Control} }
@String { ieeetsp     = {IEEE Transactions on Signal Processing} }
@String { ijcai       = {International Joint Conference on Artificial Intelligence (IJCAI)} }
@String { interspeech = {Annual Conference of the International Speech Communication Association (INTERSPEECH)} }
@String { iros        = {IEEE/RSJ International Conference on Intelligent Robots and Systems (IROS)} }
@String { itsc        = {IEEE International Conference on Intelligent Transportation Systems (ITSC)} }
@String { jair        = {Journal of Artificial Intelligence Research} }
@String { jgcd        = {AIAA Journal of Guidance, Control, and Dynamics} }
@String { jmlr        = {Journal of Machine Learning} }
@String { jota        = {Journal of Optimization Theory and Applications} }
@String { lion        = {Learning and Intelligent Optimization (LION)} }
@String { mit         = {Massachusetts Institute of Technology} }
@String { mitaa       = {Massachusetts Institute of Technology, Department of Aeronautics and Astronautics} }
@String { mitee       = {Massachusetts Institute of Technology, Department of Electrical Engineering and Computer Science} }
@String { mitme       = {Massachusetts Institute of Technology, Department of Mechanical Engineering} }
@String { mor         = {Mathematics of Operations Research} }
@String { nips        = {Advances in Neural Information Processing Systems (NIPS)} }
@String { or          = {Operations Research} }
@String { rss         = {Robotics: Science and Systems} }
@String { sigcomm     = {ACM Special Interest Group on Data Communication (SIGCOMM)} }
@String { suaa        = {Stanford University, Department of Aeronautics and Astronautics} }
@String { suee        = {Stanford University, Department of Electrical Engineering} }
@String { sume        = {Stanford University, Department of Mechanical Engineering} }
@String { tac         = {IEEE Transactions on Automatic Control} }
@String { tacas       = {International Conference on Tools and Algorithms for the Construction and Analysis of Systems (TACAS)} }
@String { taes        = {IEEE Transactions on Aerospace and Electronic Systems} }
@String { uai         = {Conference on Uncertainty in Artificial Intelligence (UAI)} }

@Article{bai2010mcvi,
  author =  {Haoyu Bai and David Hsu and Wee Sun Lee and and Vien A. Ngo},
  title =   {{M}onte {C}arlo Value Iteration for Continuous-state POMDPs},
  journal = {Algorithmic Foundations of Robotics IX},
  year =    {2010}
}

@InProceedings{bai2015intention,
author = {Bai, Haoyu and Cai, Shaojun and Ye, Nan and Hsu, David and Lee, Wee Sun},
doi = {10.1109/ICRA.2015.7139219},
isbn = {9781479969234},
booktitle = icra,
keywords = {Autonomous Navigation,Motion and Path Planning},
mendeley-groups = {Toyota/Driver Intention},
pages = {454--460},
title = {Intention-Aware Online {POMDP} Planning for Autonomous Driving in a Crowd},
year = {2015}
}

@Article{bertsimas2014comparison,
  author =        {Bertsimas, D. and Griffith, J. D. and Gupta, V. and Kochenderfer, M. J. and Mi{\v s}i{\'c}, V. V. and Moss, R.},
  title =         {A Comparison of {M}onte {C}arlo Tree Search and Mathematical Optimization for Large Scale Dynamic Resource Allocation},
  journal =       {ArXiv e-prints},
  year =          {2014},
  month =         may,
  __markedentry = {[chris:6]},
  archiveprefix = {arXiv},
  eprint =        {1405.5498},
}

@InProceedings{brechtel2013mcvi,
  author =    {Sebastian Brechtel and Tobias Gindele and Rudiger Dillmann},
  title =     {Solving Continuous {POMDP}s: Value Iteration with Incremental Learning of an Efficient Space Representation},
  booktitle = icml,
  year =      {2013},
}

@Article{browne2012mcts,
author={C. B. Browne and E. Powley and D. Whitehouse and S. M. Lucas and P. I. Cowling and P. Rohlfshagen and S. Tavener and D. Perez and S. Samothrakis and S. Colton}, 
journal={IEEE Transactions on Computational Intelligence and AI in Games}, 
title={A Survey of {M}onte {C}arlo Tree Search Methods}, 
year={2012}, 
volume={4}, 
number={1}, 
pages={1-43}, 
doi={10.1109/TCIAIG.2012.2186810}
}

@Periodical{buehler2008darpa,
    editor =  {Buehler, Martin and Lagnemma, Karl and Singh, Sanjiv},
    year = 2008,
    title = {Journal of Field Robotics},
    issuetitle = {Special Issue on the 2007 {DARPA} Urban Challenge},
    volume = 25,
    number = 8
}

@inproceedings{couetoux2011double,
  address = {Rome, Italy},
  annote = {double progressive widening},
  author = {Cou\"{e}toux, A. and Hoock, J.-B. and Sokolovska, N. and Teytaud, O. and Bonnard, N.},
  booktitle = {Learning and Intelligent Optimization},
  mendeley-groups = {UAVCAS,POMDPs,MDPs},
  title = {Continuous Upper Confidence Trees},
  year = {2011}
}

@InProceedings{dc2015,
  author =    {Katherine Driggs-Campbell and Ruzena Bajcsy},
  title =     {Identifying Modes of Intent from Driver Behaviors in Dynamic Environments},
  booktitle = itsc,
  year =      {2015}
}

@article{garcia1989model,
  title={Model Predictive Control: Theory and Practice -- a Survey},
  author={Garcia, Carlos E. and Prett, David M. and Morari, Manfred},
  journal={Automatica},
  volume={25},
  number={3},
  pages={335--348},
  year={1989},
  publisher={Elsevier}
}

@Article{grindele2015trafficmodel,
author={T. Gindele and S. Brechtel and R. Dillmann}, 
journal={IEEE Intelligent Transportation Systems Magazine}, 
title={Learning Driver Behavior Models from Traffic Observations for Decision Making and Planning}, 
year={2015}, 
volume={7}, 
number={1}, 
pages={69-79}, 
doi={10.1109/MITS.2014.2357038}
}

@Article{kesting2007mobil,
  author =  {Arne Kesting and Martin Treiber and Dirk Helbing},
  title =   {General Lane-changing Model {MOBIL} for Car-following Models},
  journal = {Transportation Research Record},
  year =    {2007},
  volume =  {1999},
  pages =   {86--94}
}

@InCollection{kesting2009agents,
  author = {Kesting, Arne and Treiber, Martin and Helbing, Dirk},
  title = {Agents for Traffic Simulation},
  booktitle = {Multi Agent Systems: Simulation and Applications},
  editor = {Uhrmacher, Adelinde M. and Weyns, Danny},
  year = 2009,
  publisher = {{CRC} Press},
  chapter = 11,
  pages = {325--356}
}

@Book{Kochenderfer2015,
  title =         {Decision Making Under Uncertainty: Theory and Application},
  publisher =     {{MIT} Press},
  year =          {2015},
  author =        {Mykel J. Kochenderfer},
  __markedentry = {[chris:6]}
}

@InProceedings{lam2015,
  author =    {Chi-Pang Lam and Allen Y. Yang and Katherine Driggs-Campbell and Ruzena Bajcsy and S. Shankar Sastry},
  title =     {Improving Human-In-The-Loop Decision Making In Multi-Mode Driver Assistance Systems Using Hidden Mode Stochastic Hybrid Systems},
  booktitle = iros,
  year =      {2015}
}

@inproceedings{levine2012continuous,
  title={Continuous Inverse Optimal Control with Locally Optimal Examples},
  author={Levine, Sergey and Koltun, Vladlen},
  booktitle=icml,
  pages={41--48},
  year={2012}
}

@inproceedings{liebner2012inference,
  title={Driver Intent Inference at Urban Intersections Using the Intelligent Driver Model},
  author={Liebner, Martin and Baumann, Michael and Klanner, Felix and Stiller, Christoph},
  booktitle={Intelligent Vehicles Symposium},
  pages={1162--1167},
  year={2012},
  organization={{IEEE}}
}

@Online{naughton2015freeway,
  author = {Naughton, Keith},
  title = {Humans Are Slamming Into Driverless Cars and Exposing a Key Flaw},
  year = 2015,
  url = {http://bloom.bg/1Qw8fjB},
}

@article{ossen2011heterogeneity,
  title={Heterogeneity in Car-following Behavior: Theory and Empirics},
  author={Ossen, Saskia and Hoogendoorn, Serge P},
  journal={Transportation Research Part C: Emerging Technologies},
  volume={19},
  number={2},
  pages={182--195},
  year={2011},
  publisher={Elsevier}
}

@InProceedings{sadigh2014,
  author =    {D. Sadigh and K. Driggs-Campbell and A. Puggelli and W. Li, V. Shia and R. Bajcsy and A. L. Sangiovanni-Vincentelli and S. S. Sastry and S. A. Seshia},
  title =     {Data-Driven Probabilistic Modeling and Verification of Human Driver Behavior},
  booktitle = {{AAAI} Spring Symposium on Formal Verification and Modeling in Human-Machine Systems},
  year =      {2014}
}

@InProceedings{sadigh2016gathering,
  author =    {Dorsa Sadigh and S. Shankar Sastry and Sanjit A. Seshia and Anca Dragan},
  title =     {Information Gathering Actions over Human Internal State},
  booktitle = iros,
  year =      {2016}
}

@InProceedings{sadigh2016leverage,
  author =    {Dorsa Sadigh and S. Shankar Sastry and Sanjit A. Seshia and Anca Dragan},
  title =     {Planning for Autonomous Cars that Leverage Effects on Human Actions},
  booktitle = rss,
  year =      {2016}
}

@techreport{schoettle2015crashes,
    author = {Schoettle, Brandon and Sivak, Michael},
    number = {UMTRI-2015-34},
    title = {A Preliminary Analysis of Real-World Crashes Involving Self-Driving Vehicles},
    year = {2015},
    _url = {http://www.umich.edu/~umtriswt/PDF/UMTRI-2015-34.pdf},
    institution = {University of {M}ichigan Transportation Research Institute}
}

@Article{shia2014,
  author =  {Victor A. Shia and Yiqi Gao and Ramanarayan Vasudevan and Katherine Driggs Campbell and Theresa Lin and Francesco Borrelli and Ruzena Bajcsy},
  title =   {Semiautonomous Vehicular Control Using Driver Modeling},
  journal = {{IEEE} Transactions on Intelligent Transportation Systems},
  year =    {2014}
}

@InProceedings{silver2010pomcp,
  author =    {David Silver and Joel Veness},
  title =     {{M}onte-{C}arlo Planning in Large {POMDP}s},
  booktitle = nips,
  year =      {2010}
}

@inproceedings{somani2013despot,
  title={{DESPOT}: Online {POMDP} Planning with Regularization},
  author={Somani, Adhiraj and Ye, Nan and Hsu, David and Lee, Wee Sun},
  booktitle=nips,
  pages={1772--1780},
  year={2013}
}

@book{thrun2005probabilistic,
  title={Probabilistic Robotics},
  author={Thrun, Sebastian and Burgard, Wolfram and Fox, Dieter},
  year={2005},
  publisher={MIT Press}
}

@Article{treiber2000idm,
  author =  {Martin Treiber and Ansgar Hennecke and Dirk Helbing},
  title =   {Congested traffic states in empirical observations and microscopic simulations},
  journal = {Physical Review E},
  year =    {2000},
  volume =  {62},
  number =  {2},
  pages =   {1805--1824},
  issue =   {2}
}

@InProceedings{WheelerKochenderfer2016,
  author =        {Tim A. Wheeler and Mykel J. Kochenderfer},
  title =         {Factor Graph Scene Distributions for Automotive Safety Analysis},
  booktitle =     itsc,
  year =          {2016},
  address =       {Rio de Janeiro, Brazil},
  __markedentry = {[chris:6]}
}

@InProceedings{WheelerRobbelKochenderfer2015,
  author =        {Tim A. Wheeler and Philipp Robbel and Mykel J. Kochenderfer},
  title =         {A Probabilistic Framework for Microscopic Traffic Propagation},
  booktitle =     itsc,
  year =          {2015},
  address =       {Las Palmas de Gran Canaria, Spain},
  __markedentry = {[chris:6]},
  doi =           {10.1109/ITSC.2015.52}
}

@InProceedings{WheelerRobbelKochenderfer2016,
  author =        {Tim A. Wheeler and Philipp Robbel and Mykel J. Kochenderfer},
  title =         {Analysis of Microscopic Behavior Models for Probabilistic Modeling of Driver Behavior},
  booktitle =     itsc,
  year =          {2016},
  address =       {Rio de Janeiro, Brazil},
  __markedentry = {[chris:6]}
}
