

@TECHREPORT{MJK-JPC:11,
  author = {{K}ochenderfer, {M}ykel {J}. and {C}hryssanthacopoulos, {J}ames {P}.},
  title = {{R}obust {A}irborne {C}ollision {A}voidance through {D}ynamic {P}rogramming},
  institution = {{MIT} {Lincoln} Laboratory},
  year = {2011},
  number = {ATC-371}
}

@ARTICLE{JKK-LCY:00,
  author = {{J}ames {K}. {K}uchar and {L}ee {C}. {Y}ang},
  title = {{A} review of conflict detection and resolution modeling methods},
  journal = tits,
  year = {2000},
  volume = {1},
  pages = {179--189},
  number = {4},
  owner = {zach},
  timestamp = {2015.09.11}
}

