@misc{faa2018small,
    title={Small Unmanned Aircraft Systems},
    howpublished={14 {C.F.R.} \S 107},
    year={2018}
}

@book{boyd2004convex,
  title={Convex optimization},
  author={Boyd, Stephen and Vandenberghe, Lieven},
  year={2004},
  publisher={Cambridge university press}
}
